@book{alibaba,
	author		= {高山渊 and 蔡德忠 and 赵晓雪 and 刘礼寅 and 刘水旺 and 陈义全 and 徐波},
	title		= {企业数字化基石-阿里巴巴云计算基础设施实践},
	publisher	= {电子工业出版社},
	address		= {北京市海淀区},
	year		= {2020}
}
@book{Vetterli2014,
	author		= {Martin Vetterli and Jelena Kovacevic and Vivek K Goyal},
	title		= {Foundations of Signal Processing},
	publisher	= {Cambridge University Press},
	address		= {Cambridge},
	year		= {2014}
}
@misc{Lee2016,
	author        = {Zeping Lee},
	title         = {GB/T 7714-2015 参考文献 BiBTeX 样式},
	year          = {2016},
	url           = {https://github.com/zepinglee/gbt7714-bibtex-style}
}
@misc{huawei2019,
	author        = {},
	title         = {华为公司年报},
	year          = {2019},
	url           = {https://www-file.huawei.com/-/media/corporate/pdf/annual-report/annual_report_2019_cn.pdf}
}
@misc{cisco2019,
	author        = {},
	title         = {思科公司互联网发展跟踪白皮书（2018-2023）},
	year          = {2019},
	url           = {https://www.cisco.com/c/en/us/solutions/collateral/executive-perspectives/annual-internet-report/white-paper-c11-741490.html}
}
@misc{idc2019,
	author        = {国际数据公司（IDC）},
	title         = {上半年中国公有云市场},
	year          = {2019},
	url           = {https://www.idc.com/url.do?url=/getdoc/pdf_download.do?containerId=prCHC45634819&position=15&transactionId=39032154&term=&page=5&perPage=100}
}
@misc{idc2020,
	author        = {ireasearch},
	title         = {中国公有云服务市场跟踪},
	year          = {2020},
	url           = {http://news.iresearch.cn/yx/2020/02/315730.shtml}
} 
@article{p4,
	title={P4: Programming protocol-independent packet processors},
	author={Bosshart, Pat and Daly, Dan and Gibb, Glen and Izzard, Martin and McKeown, Nick and Rexford, Jennifer and Schlesinger, Cole and Talayco, Dan and Vahdat, Amin and Varghese, George and others},
	journal={ACM SIGCOMM Computer Communication Review},
	volume={44},
	number={3},
	pages={87--95},
	year={2014},
	publisher={ACM New York, NY, USA}
}
@article{rmt,
	title={Forwarding metamorphosis: Fast programmable match-action processing in hardware for SDN},
	author={Bosshart, Pat and Gibb, Glen and Kim, Hun-Seok and Varghese, George and McKeown, Nick and Izzard, Martin and Mujica, Fernando and Horowitz, Mark},
	journal={ACM SIGCOMM Computer Communication Review},
	volume={43},
	number={4},
	pages={99--110},
	year={2013},
	publisher={ACM New York, NY, USA}
}
@inproceedings{mswitch,
	title={mSwitch: a highly-scalable, modular software switch},
	author={Honda, Michio and Huici, Felipe and Lettieri, Giuseppe and Rizzo, Luigi},
	booktitle={Proceedings of the 1st ACM SIGCOMM Symposium on Software Defined Networking Research},
	pages={1--13},
	year={2015}
}
@article{ethane,
	title={From ethane to SDN and beyond},
	author={Casado, Mart{\'\i}n and McKeown, Nick and Shenker, Scott},
	journal={ACM SIGCOMM Computer Communication Review},
	volume={49},
	number={5},
	pages={92--95},
	year={2019},
	publisher={ACM New York, NY, USA}
}
@inproceedings{pisces,
	title={Pisces: A programmable, protocol-independent software switch},
	author={Shahbaz, Muhammad and Choi, Sean and Pfaff, Ben and Kim, Changhoon and Feamster, Nick and McKeown, Nick and Rexford, Jennifer},
	booktitle={Proceedings of the 2016 ACM SIGCOMM Conference},
	pages={525--538},
	year={2016} 
}
@article{mckeown2008openflow,
	title={OpenFlow: enabling innovation in campus networks},
	author={McKeown, Nick and Anderson, Tom and Balakrishnan, Hari and Parulkar, Guru and Peterson, Larry and Rexford, Jennifer and Shenker, Scott and Turner, Jonathan},
	journal={ACM SIGCOMM Computer Communication Review},
	volume={38},
	number={2},
	pages={69--74},
	year={2008},
	publisher={ACM New York, NY, USA}
}
@misc{huawei1800v,
	author        = {huawei},
	title         = {1800V虚拟交换机},
	year          = {2018},
	url           = {https://carrier.huawei.com/~/media/CNBG/Downloads/Product/Fixed%20Network/b2b/0920/1800-en.pdf}
}
@misc{activelogic,
	author        = {SANDVINE},
	title         = {Hyperscale data plane for next generation telco networks},
	year          = {2020},
	url           = {https://www.sandvine.com/hubfs/Sandvine_Redesign_2019/Downloads/2020/Datasheets/Network%20Optimization/Sandvine_DS_ActiveLogic.pdf}
}
@inproceedings{ovs,
	title={The design and implementation of open vswitch},
	author={Pfaff, Ben and Pettit, Justin and Koponen, Teemu and Jackson, Ethan and Zhou, Andy and Rajahalme, Jarno and Gross, Jesse and Wang, Alex and Stringer, Joe and Shelar, Pravin and others},
	booktitle={12th $\{$USENIX$\}$ Symposium on Networked Systems Design and Implementation ($\{$NSDI$\}$ 15)},
	pages={117--130},
	year={2015}
}
@misc{v580,
	author        = {centec},
	title         = {Hybrid v580 SDN switch},
	year          = {2019},
	url           = {http://www.centecnetworks.com/cn/DownView.asp?ID=2272&SortID=153}
}
@misc{tofino2,
	author        = {BAREFOOT},
	title         = {Second generation of world's fastest P4 programmable Ethernet switch ASICs},
	year          = {2020},
	url           = {https://www.barefootnetworks.com/products/brief-tofino-2/}
}
@inproceedings{serverswitch,
	title={Serverswitch: a programmable and high performance platform for data center networks.},
	author={Lu, Guohan and Guo, Chuanxiong and Li, Yulong and Zhou, Zhiqiang and Yuan, Tong and Wu, Haitao and Xiong, Yongqiang and Gao, Rui and Zhang, Yongguang},
	booktitle={Nsdi},
	volume={11},
	pages={2--2},
	year={2011}
}
@inproceedings{azure,
	title={Azure accelerated networking: SmartNICs in the public cloud},
	author={Firestone, Daniel and Putnam, Andrew and Mundkur, Sambhrama and Chiou, Derek and Dabagh, Alireza and Andrewartha, Mike and Angepat, Hari and Bhanu, Vivek and Caulfield, Adrian and Chung, Eric and others},
	booktitle={15th $\{$USENIX$\}$ Symposium on Networked Systems Design and Implementation ($\{$NSDI$\}$ 18)},
	pages={51--66},
	year={2018}
}
@article{netfpga2014,
	title={NetFPGA SUME: Toward 100 Gbps as research commodity},
	author={Zilberman, Noa and Audzevich, Yury and Covington, G Adam and Moore, Andrew W},
	journal={IEEE micro},
	volume={34},
	number={5},
	pages={32--41},
	year={2014},
	publisher={IEEE}
}
@misc{xilinx,
	author        = {XILINX Co., Ltd},
	title         = {},
	year          = {2020},
	url           = {https://www.xilinx.com/about/company-overview.html}
}
@misc{alveo,
	author        = {XILINX},
	title         = {SmartNics for Diverse Workloads},
	year          = {2020},
	url           = {https://www.xilinx.com/applications/data-center/network-acceleration.html#smartnics}
}
@misc{intelfpganic,
	author        = {Intel},
	title         = {FPGA Programmable Acceleration Card N3000 for Networking},
	year          = {2020},
	url           = {https://plan.seek.intel.com/psg_WW_psgcom3_LPCS_EN_2019_PACN3000ProductBrief}
}
@misc{intel5g,
	author        = {Intel},
	title         = {5G前传边缘网络FPGA（IP）方案},
	year          = {2020},
	url           = {https://plan.seek.intel.com/5GFrontHaulGatedFormCN_LP?erpm_id=8235613&erpm_id=8235613&elq_cid=6511651}
}
@misc{intelgre,
	author        = {Intel},
	title         = {SDN/NFV低延迟GRE处理加速器},
	year          = {2020},
	url           = {https://www.intel.cn/content/dam/altera-www/global/zh_CN/pdfs/literature/wp/low-latency-gre-processing-accelerator-evaluation-cn.pdf}
}
@misc{intelddos,
	author        = {Intel},
	title         = {电信解决方案FPGA PAC N3000助力在云环境中实现大容量DDoS防护},
	year          = {2020},
	url           = {https://www.intel.cn/content/dam/www/programmable/cn/zh/pdfs/literature/solution-sheets/sb-high-capacity-ddos-protection-in-cloud-environments-cn.pdf}
}
@misc{xilinxpython,
	author        = {XILINX},
	title         = {FPGA上基于python语言的矩阵运算加速器},
	year          = {2020},
	url           = {https://www.xilinx.com/products/acceleration-solutions/python-based-matrix-operation-accelerator.html}
}
@misc{xilinxnvme,
	author        = {XILINX},
	title         = {Stand alone NVMe-oF Acceleration Solution},
	year          = {2020},
	url           = {https://www.xilinx.com/publications/solution-briefs/partner/nvme-of_solutionbrief.pdf}
}
@misc{xilinxhls,
	author        = {XILINX},
	title         = {Vivado High-Level Synthesis Accelerates IP Creation by Enabling C/C++ and System C Specifications},
	year          = {2020},
	url           = {https://www.xilinx.com/products/design-tools/vivado/integration/esl-design.html}
}
@misc{microsofttcpoffload,
	author        = {Microsoft},
	title         = {Information about the TCP Chimney Offload, Receive Side Scaling, and Network Direct Memory Access features},
	year          = {2008},
	url           = {https://support.microsoft.com/en-us/help/951037/information-about-the-tcp-chimney-offload-receive-side-scaling-and-net}
}
@misc{dpdk,
	author        = {Intel},
	title         = {DATA PLANE DEVELOPMENT KIT},
	year          = {2020},
	url           = {https://www.dpdk.org/}
}
@misc{sriov,
	author        = {VMWare},
	title         = {Single Root I/O Virtualization(SR-IOV)},
	year          = {2019},
	url           = {https://docs.vmware.com/en/VMware-vSphere/7.0/com.vmware.vsphere.networking.doc/GUID-CC021803-30EA-444D-BCBE-618E0D836B9F.html}
}
@misc{alveo250,
	author        = {XILINX},
	title         = {Alveo U250 Data Center Accelerator Card},
	year          = {2020},
	url           = {https://www.xilinx.com/products/boards-and-kits/alveo/u250.html}
}
@misc{netfpgaabout,
	author        = {NetFPGA},
	title         = {A line-rate, flexible, and open platform for research, and classroom experimentation. },
	year          = {2020},
	url           = {https://netfpga.org/site/#/about/}
}
@misc{rdma,
	author        = {Mellanox},
	title         = {Remote Direct Memory Access(RDMA)},
	year          = {2019},
	url           = {https://community.mellanox.com/s/global-search/rdma}
}
@misc{roce,
	author        = {Mellanox},
	title         = {RDMA over Converged Ethernet(RoCE)},
	year          = {2020},
	url           = {https://docs.mellanox.com/pages/viewpage.action?pageId=19811943}
}
@misc{intelencryption,
	author        = {Intel},
	title         = {英特尔FPGA可编程加速卡N3000的IPSec加速解决方案},
	year          = {2020},
	url           = {https://www.intel.cn/content/dam/altera-www/global/zh_CN/pdfs/literature/solution-sheets/sb-accelerating-ipsec-arrive-technology-intel-fgpa-pac3000-cn.pdf}
}
@misc{hlsdoc,
	author        = {Xilinx},
	title         = {Vivado HLS Documentation},
	year          = {2020},
	url           = {https://www.xilinx.com/products/design-tools/vivado/integration/esl-design.html#documentation}
}
@misc{ff,
	author        = {ff},
	title         = {ff},
	year          = {ff},
	url           = {ffff}
}




















